<record><leader>00000cas a22000007a 4500</leader><controlfield tag="001">27305001</controlfield><controlfield tag="008">930122c19929999nduwr ne      0   a0eng c</controlfield><datafield ind1=" " ind2=" " tag="010"><subfield code="a">sn 93007110 </subfield></datafield><datafield ind1=" " ind2=" " tag="040"><subfield code="a">NSD</subfield><subfield code="b">eng</subfield><subfield code="c">NSD</subfield><subfield code="d">DLC</subfield><subfield code="d">NOP</subfield><subfield code="d">OCLCQ</subfield></datafield><datafield ind1=" " ind2=" " tag="012"><subfield code="j">0</subfield><subfield code="m">y</subfield></datafield><datafield ind1="1" ind2=" " tag="022"><subfield code="a">1067-5922</subfield><subfield code="l">1067-5922</subfield><subfield code="y">0747-1181</subfield><subfield code="2">1</subfield></datafield><datafield ind1="1" ind2=" " tag="029"><subfield code="a">AU@</subfield><subfield code="b">000025852836</subfield></datafield><datafield ind1=" " ind2=" " tag="032"><subfield code="a">665340</subfield><subfield code="b">USPS</subfield></datafield><datafield ind1=" " ind2=" " tag="037"><subfield code="b">The Walsh County Record, Box 471, Grafton, ND 58237</subfield></datafield><datafield ind1=" " ind2=" " tag="042"><subfield code="a">nsdp</subfield><subfield code="a">pcc</subfield></datafield><datafield ind1="0" ind2=" " tag="130"><subfield code="a">Walsh County record (Grafton, N.D. : 1992)</subfield></datafield><datafield ind1=" " ind2="4" tag="222"><subfield code="a">The Walsh County record</subfield><subfield code="b">(1992)</subfield></datafield><datafield ind1="0" ind2="4" tag="245"><subfield code="a">The Walsh County record.</subfield></datafield><datafield ind1=" " ind2=" " tag="260"><subfield code="a">Grafton, N.D. :</subfield><subfield code="b">J.L. Thompson,</subfield></datafield><datafield ind1=" " ind2=" " tag="300"><subfield code="a">v.</subfield></datafield><datafield ind1=" " ind2=" " tag="310"><subfield code="a">Weekly</subfield></datafield><datafield ind1="0" ind2=" " tag="362"><subfield code="a">Vol. 102, no. 29 (Nov. 10, 1992)-</subfield></datafield><datafield ind1=" " ind2=" " tag="530"><subfield code="a">Available on microfilm from the State Historical Society of North Dakota.</subfield></datafield><datafield ind1=" " ind2=" " tag="752"><subfield code="a">United States</subfield><subfield code="b">North Dakota</subfield><subfield code="c">Walsh</subfield><subfield code="d">Grafton.</subfield></datafield><datafield ind1="0" ind2="0" tag="780"><subfield code="t">Record (Grafton, N.D.)</subfield><subfield code="w">(DLC)sn 84007775</subfield><subfield code="w">(OCoLC)10554622</subfield></datafield></record>